

@manual{ARM06,
	title = {Materiały Na Teams zespół:PO INF Lab 02 WMP_INF/Ist/S/2024/25},
	organization = {},
	year = {2025}
}

@manual{ARM06,
	title = {ProjektLatex dr Jan Nowak},
	organization = {},
	year = {2025}
}

@online{example2024,
	author = {},
	title = {},
	year = {},
	url = {https://www.geeksforgeeks.org/java/introduction-to-java-swing/},
	note = {Accessed: 2025-05-31}
}


@online{mathworks,
	author = {},
	title = {},
	year = {},
	url = {https://www.mathworks.com/products/image-processing.html},
	note = {Accessed: 2025-06-04}
}
